<?xml version="1.0" encoding="UTF-8"?><collection xmlns="http://www.loc.gov/MARC21/slim"><record><leader>00434nam--2200133-i-4500</leader><controlfield tag="001">000010567</controlfield><controlfield tag="002">20161230</controlfield><controlfield tag="005">20161230201028</controlfield><controlfield tag="008">060222s1000------------r-----000-0-eng-d</controlfield><datafield ind1=" " ind2=" " tag="080"><subfield code="a">015:66.095.26</subfield></datafield><datafield ind1=" " ind2=" " tag="100"><subfield code="a">Dauphin, Jean-francois</subfield></datafield><datafield ind1=" " ind2=" " tag="245"><subfield code="a">Synthese de molecules organique uniformement m arquees par polymerisation de l ethylene c.14. these</subfield></datafield><datafield ind1=" " ind2=" " tag="260"><subfield code="a">Orsay, L Universite De Paris-sud, Centre D Ors Ay, 1972. 83 P</subfield></datafield><datafield ind1=" " ind2=" " tag="852"><subfield code="a">38232</subfield></datafield></record></collection>